<?xml version="1.0" encoding="UTF-8"?><collection xmlns="http://www.loc.gov/MARC21/slim"><record><leader>00551nam--2200181-i-4500</leader><controlfield tag="001">000005363</controlfield><controlfield tag="002">20161230</controlfield><controlfield tag="005">20161230201026</controlfield><controlfield tag="008">060222s1000------------r-----000-0-eng-d</controlfield><datafield ind1=" " ind2=" " tag="040"><subfield code="a">IFIN-HH</subfield></datafield><datafield ind1=" " ind2=" " tag="080"><subfield code="a">536.45:541.118</subfield></datafield><datafield ind1="1" ind2=" " tag="100"><subfield code="a">Bockris, J.O`M. /S.A.</subfield></datafield><datafield ind1="1" ind2="0" tag="245"><subfield code="a">Physicochemical measurements at high temperatures</subfield><subfield code="c">J.O'M. Bockris, J.L. White, J.D. Mackenzie (Eds.)</subfield></datafield><datafield ind1=" " ind2=" " tag="260"><subfield code="a">London, Butterworths Scientific Publishing, 1959</subfield></datafield><datafield ind1=" " ind2=" " tag="300"><subfield code="a">VIII + 394 P</subfield></datafield><datafield ind1="1" ind2=" " tag="700"><subfield code="a">Mackenzie, J.D</subfield></datafield><datafield ind1=" " ind2=" " tag="852"><subfield code="a">13232</subfield><subfield code="c">533.9</subfield></datafield><datafield ind1=" " ind2=" " tag="CAT"><subfield code="a">Sys</subfield><subfield code="c">20100917</subfield><subfield code="h">112818</subfield></datafield></record></collection>